<marc:record xmlns:marc="http://www.loc.gov/MARC21/slim">
        <marc:leader>01807cam a2200385 a 4500</marc:leader>
        <marc:controlfield tag="001">316107</marc:controlfield>
        <marc:controlfield tag="005">20161129132632.0</marc:controlfield>
        <marc:controlfield tag="008">830209s1726 enk 00010deng d</marc:controlfield>
        <marc:datafield tag="035" ind1=" " ind2=" ">
            <marc:subfield code="a">(OCoLC)ocn187317532</marc:subfield>
        </marc:datafield>
        <marc:datafield tag="035" ind1=" " ind2=" ">
            <marc:subfield code="a">(OCoLC)187317532</marc:subfield>
        </marc:datafield>
        <marc:datafield tag="035" ind1=" " ind2=" ">
            <marc:subfield code="a">(CStRLIN)PAUG83-B4927</marc:subfield>
        </marc:datafield>
        <marc:datafield tag="035" ind1=" " ind2=" ">
            <marc:subfield code="a">(CaOTULAS)105293389</marc:subfield>
        </marc:datafield>
        <marc:datafield tag="035" ind1=" " ind2=" ">
            <marc:subfield code="9">ABR9642</marc:subfield>
        </marc:datafield>
        <marc:datafield tag="035" ind1=" " ind2=" ">
            <marc:subfield code="a">316107</marc:subfield>
        </marc:datafield>
        <marc:datafield tag="040" ind1=" " ind2=" ">
            <marc:subfield code="a">PU</marc:subfield>
            <marc:subfield code="c">PU</marc:subfield>
        </marc:datafield>
        <marc:datafield tag="041" ind1="1" ind2=" ">
            <marc:subfield code="a">eng</marc:subfield>
            <marc:subfield code="h">fre</marc:subfield>
        </marc:datafield>
        <marc:datafield tag="090" ind1=" " ind2=" ">
            <marc:subfield code="a">DA787.A365</marc:subfield>
            <marc:subfield code="b">A5 1726</marc:subfield>
            <marc:subfield code="i">02/09/83 CT</marc:subfield>
        </marc:datafield>
        <marc:datafield tag="100" ind1="0" ind2=" ">
            <marc:subfield code="a">Mary,</marc:subfield>
            <marc:subfield code="c">Queen of Scots,</marc:subfield>
            <marc:subfield code="d">1542-1587.</marc:subfield>
        </marc:datafield>
        <marc:datafield tag="245" ind1="0" ind2="4">
            <marc:subfield code="a">The genuine letters of Mary Queen of Scots, to James Earl of Bothwell :</marc:subfield>
            <marc:subfield code="b">found in his secretary's closet after his decease, and now in the possession of a gentleman of Oxford : discovering the greatest and most secret transactions of her time /</marc:subfield>
            <marc:subfield code="c">translated from the French originals, by Edward Simmonds ... : never before made publick ; to which is added, remarks on each letter, with an abstract of her life, in a letter to the bookseller, from an unknown hand.</marc:subfield>
        </marc:datafield>
        <marc:datafield tag="246" ind1=" " ind2=" ">
            <marc:subfield code="a">The genuine letters of Mary Queen of Scots, to James Earl of Bothwell: found in his secretary's closet after his decease; and now in the possession of a gentleman of Oxford. Discovering the greatest and most secret transactions of her time. Translated from the French originals by Edward Simmonds, late of Christ's -Church College, Oxford. Never before made publick. To which is added remarks on each letter, with an abstract of her life. In a letter to the bookseller, from an unknown hand. The second edition. </marc:subfield>
            <marc:subfield code="d">Letter-press</marc:subfield>
            <marc:subfield code="g">Full</marc:subfield>
            <marc:subfield code="x">Work</marc:subfield>
        </marc:datafield>
        <marc:datafield tag="246" ind1="0" ind2="7">
            <marc:subfield code="a">Original letters of Mary Queen of Scots.</marc:subfield>
        </marc:datafield>
        <marc:datafield tag="246" ind1="0" ind2="7">
            <marc:subfield code="a">Original letters of (verso)</marc:subfield>
            <marc:subfield code="a">Mary Queen of Scots. (recto)</marc:subfield>
        </marc:datafield>
        <marc:datafield tag="250" ind1=" " ind2=" ">
            <marc:subfield code="a">The second edition.</marc:subfield>
            <marc:subfield code="b">Second edition</marc:subfield>
        </marc:datafield>
        <marc:datafield tag="260" ind1=" " ind2=" ">
            <marc:subfield code="a">Westminster</marc:subfield>
            <marc:subfield code="b">Printed by A. Campbell, in Union-Street, near New Palace-Yard; for J. Millan in Shug-Lane, near the upper End of the Hay-Market. Sold by J. Roberts in Warwick-Lane; and the booksellers of London and Westminster,</marc:subfield>
            <marc:subfield code="c">1726</marc:subfield>
            <marc:subfield code="c">MDCCXXVI.</marc:subfield>
        </marc:datafield>
        <marc:datafield tag="300" ind1=" " ind2=" ">
            <marc:subfield code="a">v, [3], 48 p. ;</marc:subfield>
            <marc:subfield code="c">20 cm. (8vo)</marc:subfield>
            <marc:subfield code="x">Octavo</marc:subfield>
        </marc:datafield>
        <marc:datafield tag="500" ind1=" " ind2=" ">
            <marc:subfield code="a">The letter to the bookseller signed: B.S.</marc:subfield>
        </marc:datafield>
        <marc:datafield tag="500" ind1=" " ind2=" ">
            <marc:subfield code="a">Advertisements on fourth leaf.</marc:subfield>
        </marc:datafield>
        <marc:datafield tag="500" ind1=" " ind2=" ">
            <marc:subfield code="a">Bookplate facing title page: "Library University of Pennsylvania".</marc:subfield>
        </marc:datafield>
        <marc:datafield tag="500" ind1=" " ind2=" ">
            <marc:subfield code="a">Bookplate facing title page: "Ex Libris Coleman O. Parsons". Design includes a crest with a lion, a candle, an hourglass, and stacks of books.</marc:subfield>
        </marc:datafield>
        <marc:datafield tag="500" ind1=" " ind2=" ">
            <marc:subfield code="a">Library marginalia on verso front cover and recto back cover.</marc:subfield>
        </marc:datafield>
        <marc:datafield tag="500" ind1=" " ind2=" ">
            <marc:subfield code="a">"[Price one shilling.]" printed on title page.</marc:subfield>
        </marc:datafield>
        <marc:datafield tag="510" ind1="4" ind2=" ">
            <marc:subfield code="a">ESTC</marc:subfield>
            <marc:subfield code="c">T40769</marc:subfield>
        </marc:datafield>
        <marc:datafield tag="520" ind1=" " ind2=" ">
            <marc:subfield code="a">Preface</marc:subfield>
            <marc:subfield code="b">The preface.</marc:subfield>
            <marc:subfield code="c">Front</marc:subfield>
            <marc:subfield code="x">Transcription: "The history of Mary Queen of Scots has made so great a noise in the world, that I thought it would not be unwelcome, to communicate some original letters written with her own hand;"</marc:subfield>
        </marc:datafield>
        <marc:datafield tag="520" ind1=" " ind2=" ">
            <marc:subfield code="a">To the booksellers</marc:subfield>
            <marc:subfield code="b">To the bookseller.</marc:subfield>
            <marc:subfield code="c">Front</marc:subfield>
            <marc:subfield code="x">Transcription: "Hearing you are about to publish the letters of Mary Queen of Scots to Bothwell; and having an opportunity, some time ago, of perusing the originals to satisfy the curiosity of some friends, I collected the inclosed abstract of her life"</marc:subfield>
        </marc:datafield>
        <marc:datafield tag="520" ind1=" " ind2=" ">
            <marc:subfield code="a">Errata</marc:subfield>
            <marc:subfield code="c">Front</marc:subfield>
            <marc:subfield code="x">Shares page with "To the bookseller." Transcription: "Errata. Page 10. Line 3. for mirror, read minion."</marc:subfield>
        </marc:datafield>
        <marc:datafield tag="592" ind1=" " ind2=" ">
            <marc:subfield code="a">Epistolary</marc:subfield>
            <marc:subfield code="b">First-person</marc:subfield>
            <marc:subfield code="b">Third-person</marc:subfield>
        </marc:datafield>
        <marc:datafield tag="595" ind1=" " ind2=" ">
            <marc:subfield code="a">Pencil</marc:subfield>
            <marc:subfield code="b">Numbers</marc:subfield>
            <marc:subfield code="x">Prices the book for 12.50 gbp</marc:subfield>
        </marc:datafield>
        <marc:datafield tag="596" ind1=" " ind2=" ">
            <marc:subfield code="a">Translation</marc:subfield>
            <marc:subfield code="b">Title page</marc:subfield>
            <marc:subfield code="c">French</marc:subfield>
            <marc:subfield code="e">Translated from the French originals</marc:subfield>
        </marc:datafield>
        <marc:datafield tag="599" ind1=" " ind2=" ">
            <marc:subfield code="a">Author (text)</marc:subfield>
            <marc:subfield code="b">Proper name</marc:subfield>
            <marc:subfield code="2">Letters of Mary Queen of Scots</marc:subfield>
            <marc:subfield code="3">Title page</marc:subfield>
            <marc:subfield code="5">Female</marc:subfield>
            <marc:subfield code="6">Female</marc:subfield>
        </marc:datafield>
        <marc:datafield tag="599" ind1=" " ind2=" ">
            <marc:subfield code="a">Translator (text)</marc:subfield>
            <marc:subfield code="b">Proper name</marc:subfield>
            <marc:subfield code="2">Translated from the French originals by Edward Simmonds</marc:subfield>
            <marc:subfield code="3">Title page</marc:subfield>
            <marc:subfield code="5">Male</marc:subfield>
            <marc:subfield code="6">Male</marc:subfield>
        </marc:datafield>
        <marc:datafield tag="599" ind1=" " ind2=" ">
            <marc:subfield code="a">Translator (text)</marc:subfield>
            <marc:subfield code="b">Proper name</marc:subfield>
            <marc:subfield code="2">My understanding in characters, almost of all kinds, tho' never obsolete, made him think me a proper person to render them intelligible; which, I hope, I have done to the satisfaction of as many as shall peruse them. E. Simmonds.</marc:subfield>
            <marc:subfield code="3">Preface</marc:subfield>
            <marc:subfield code="5">Male</marc:subfield>
            <marc:subfield code="6">Male</marc:subfield>
        </marc:datafield>
        <marc:datafield tag="599" ind1=" " ind2=" ">
            <marc:subfield code="a">Author (paratext)</marc:subfield>
            <marc:subfield code="b">Proper name</marc:subfield>
            <marc:subfield code="2">[signed] E. Simmonds.</marc:subfield>
            <marc:subfield code="3">Preface</marc:subfield>
            <marc:subfield code="5">Male</marc:subfield>
            <marc:subfield code="6">Male</marc:subfield>
        </marc:datafield>
        <marc:datafield tag="599" ind1=" " ind2=" ">
            <marc:subfield code="a">Author (paratext)</marc:subfield>
            <marc:subfield code="b">Initials</marc:subfield>
            <marc:subfield code="2">Hearing you are about to publish the letters of Mary Queen of Scots to Bothwell; and having an opportunity, some time ago, of perusing the originals, to justify the curiosity of some friends, I collected the inclosed abstract of her life, with some remarks on each letters [...] [signed] Your unknown friend, B.S.</marc:subfield>
            <marc:subfield code="3">To the booksellers</marc:subfield>
            <marc:subfield code="5">Indeterminate</marc:subfield>
            <marc:subfield code="6">Unknown</marc:subfield>
        </marc:datafield>
        <marc:datafield tag="599" ind1=" " ind2=" ">
            <marc:subfield code="a">Editor (text)</marc:subfield>
            <marc:subfield code="b">Initials</marc:subfield>
            <marc:subfield code="2">Hearing you are about to publish the letters of Mary Queen of Scots to Bothwell; and having an opportunity, some time ago, of perusing the originals, to justify the curiosity of some friends, I collected the inclosed abstract of her life, with some remarks on each letters [...] [signed] Your unknown friend, B.S.</marc:subfield>
            <marc:subfield code="3">To the booksellers</marc:subfield>
            <marc:subfield code="5">Indeterminate</marc:subfield>
            <marc:subfield code="6">Unknown</marc:subfield>
        </marc:datafield>
        <marc:datafield tag="650" ind1=" " ind2="4">
            <marc:subfield code="a">CHR 1726</marc:subfield>
        </marc:datafield>
        <marc:datafield tag="650" ind1=" " ind2="4">
            <marc:subfield code="a">PRO Parsons, Coleman O. (donor)</marc:subfield>
        </marc:datafield>
        <marc:datafield tag="656" ind1=" " ind2=" ">
            <marc:subfield code="a">Mixed Genre</marc:subfield>
            <marc:subfield code="b">Middle</marc:subfield>
            <marc:subfield code="c">Same bookseller</marc:subfield>
        </marc:datafield>
        <marc:datafield tag="700" ind1="1" ind2=" ">
            <marc:subfield code="a">Bothwell, James Hepburn,</marc:subfield>
            <marc:subfield code="c">Earl of,</marc:subfield>
            <marc:subfield code="d">1536?-1578.</marc:subfield>
        </marc:datafield>
        <marc:datafield tag="700" ind1="1" ind2=" ">
            <marc:subfield code="a">Simmonds, Edward.</marc:subfield>
        </marc:datafield>
        <marc:datafield tag="700" ind1="1" ind2=" ">
            <marc:subfield code="a">S. B.</marc:subfield>
        </marc:datafield>
        <marc:datafield tag="700" ind1=" " ind2=" ">
            <marc:subfield code="a">Mary, Queen of Scots</marc:subfield>
            <marc:subfield code="d">1542-1587</marc:subfield>
            <marc:subfield code="4">Supposed author (text)</marc:subfield>
            <marc:subfield code="5">Authorized</marc:subfield>
        </marc:datafield>
        <marc:datafield tag="700" ind1=" " ind2=" ">
            <marc:subfield code="a">Edward Simmonds</marc:subfield>
            <marc:subfield code="4">Translator (text)</marc:subfield>
            <marc:subfield code="5">Unauthorized</marc:subfield>
        </marc:datafield>
        <marc:datafield tag="700" ind1=" " ind2=" ">
            <marc:subfield code="a">Campbell, A. (Alex)</marc:subfield>
            <marc:subfield code="d">1725-1731</marc:subfield>
            <marc:subfield code="4">Printed by</marc:subfield>
            <marc:subfield code="5">Authorized</marc:subfield>
        </marc:datafield>
        <marc:datafield tag="700" ind1=" " ind2=" ">
            <marc:subfield code="a">Millan, John</marc:subfield>
            <marc:subfield code="d">-1782</marc:subfield>
            <marc:subfield code="4">Printed for</marc:subfield>
            <marc:subfield code="5">Authorized</marc:subfield>
        </marc:datafield>
        <marc:datafield tag="700" ind1=" " ind2=" ">
            <marc:subfield code="a">J. Roberts</marc:subfield>
            <marc:subfield code="4">Sold by</marc:subfield>
            <marc:subfield code="5">Unauthorized</marc:subfield>
        </marc:datafield>
        <marc:datafield tag="710" ind1="2" ind2=" ">
            <marc:subfield code="a">Collection of British and American Fiction, 1660-1830 (University of Pennsylvania)</marc:subfield>
            <marc:subfield code="5">PU</marc:subfield>
        </marc:datafield>
        <marc:datafield tag="710" ind1="2" ind2=" ">
            <marc:subfield code="a">Early Novels</marc:subfield>
            <marc:subfield code="5">University of Pennsylvani</marc:subfield>
        </marc:datafield>
        <marc:datafield tag="856" ind1="4" ind2="1">
            <marc:subfield code="z">Facsimile</marc:subfield>
            <marc:subfield code="u">http://hdl.library.upenn.edu/1017/d/print/316107</marc:subfield>
        </marc:datafield>
        <marc:datafield tag="950" ind1=" " ind2=" ">
            <marc:subfield code="l">RBC</marc:subfield>
            <marc:subfield code="i">02/09/83 C</marc:subfield>
        </marc:datafield>
        <marc:datafield tag="955" ind1=" " ind2=" ">
            <marc:subfield code="l">RBC</marc:subfield>
            <marc:subfield code="c">1</marc:subfield>
            <marc:subfield code="q">g.Coleman O. Parsons</marc:subfield>
            <marc:subfield code="i">02/09/83 C</marc:subfield>
        </marc:datafield>
        <marc:datafield tag="989" ind1=" " ind2=" ">
            <marc:subfield code="3">Genuine</marc:subfield>
            <marc:subfield code="2">Letter</marc:subfield>
            <marc:subfield code="7">Letter</marc:subfield>
            <marc:subfield code="5">Mary Queen of Scots</marc:subfield>
            <marc:subfield code="2">Queen</marc:subfield>
            <marc:subfield code="2">Scot</marc:subfield>
            <marc:subfield code="5">James Earl of Bothwell</marc:subfield>
            <marc:subfield code="2">Earl</marc:subfield>
            <marc:subfield code="6">Find</marc:subfield>
            <marc:subfield code="2">Secretary</marc:subfield>
            <marc:subfield code="2">Closet</marc:subfield>
            <marc:subfield code="2">Decease</marc:subfield>
            <marc:subfield code="8">Now</marc:subfield>
            <marc:subfield code="2">Possession</marc:subfield>
            <marc:subfield code="2">Gentleman</marc:subfield>
            <marc:subfield code="4">Oxford</marc:subfield>
            <marc:subfield code="6">Discover</marc:subfield>
            <marc:subfield code="3">Greatest</marc:subfield>
            <marc:subfield code="8">Most</marc:subfield>
            <marc:subfield code="3">Secret</marc:subfield>
            <marc:subfield code="2">Transaction</marc:subfield>
            <marc:subfield code="2">Time</marc:subfield>
            <marc:subfield code="6">Translate</marc:subfield>
            <marc:subfield code="3">French</marc:subfield>
            <marc:subfield code="2">Original</marc:subfield>
            <marc:subfield code="3">Late</marc:subfield>
            <marc:subfield code="5">Edward Simmonds</marc:subfield>
            <marc:subfield code="2">Christ's-Church College</marc:subfield>
            <marc:subfield code="2">College</marc:subfield>
            <marc:subfield code="8">Never</marc:subfield>
            <marc:subfield code="8">Before</marc:subfield>
            <marc:subfield code="6">Make</marc:subfield>
            <marc:subfield code="3">Public</marc:subfield>
            <marc:subfield code="6">Add</marc:subfield>
            <marc:subfield code="2">Remark</marc:subfield>
            <marc:subfield code="2">Abstract</marc:subfield>
            <marc:subfield code="2">Life</marc:subfield>
            <marc:subfield code="2">Bookseller</marc:subfield>
            <marc:subfield code="3">Unknown</marc:subfield>
            <marc:subfield code="2">Hand</marc:subfield>
            <marc:subfield code="3">Second</marc:subfield>
            <marc:subfield code="2">Edition</marc:subfield>
        </marc:datafield>
        <marc:datafield tag="999" ind1=" " ind2=" ">
            <marc:subfield code="a">DLA</marc:subfield>
            <marc:subfield code="b">20160912</marc:subfield>
        </marc:datafield>
        <marc:datafield tag="999" ind1=" " ind2=" ">
            <marc:subfield code="a">BTA</marc:subfield>
            <marc:subfield code="b">1/4/17</marc:subfield>
            <marc:subfield code="c">University of Pennsylvani</marc:subfield>
            <marc:subfield code="d">YDS</marc:subfield>
        </marc:datafield>
    </marc:record>